% Deep Learning Siamese Paper
@inproceedings{koch2015siamese,
  title={Siamese neural networks for one-shot image recognition},
  author={Koch, Gregory and Zemel, Richard and Salakhutdinov, Ruslan},
  booktitle={ICML deep learning workshop},
  volume={2},
  year={2015}
};
% HC's Conference Paper
@inproceedings{moon2017air,
  title={An In-Air Signature Verification System Using Wi-Fi Signals},
  author={Moon, Han-Cheol and Jang, Se-In and Oh, Kangrok and Toh, Kar-Ann},
  booktitle={Proceedings of the 2017 4th International Conference on Biomedical and Bioinformatics Engineering},
  pages={133--138},
  year={2017},
  organization={ACM}
};
% Halperin CSI tool paper
@article{halperin2011tool,
  title={Tool release: Gathering 802.11 n traces with channel state information},
  author={Halperin, Daniel and Hu, Wenjun and Sheth, Anmol and Wetherall, David},
  journal={ACM SIGCOMM Computer Communication Review},
  volume={41},
  number={1},
  pages={53--53},
  year={2011},
  publisher={ACM}
};
% Lecun's siamese paper
@inproceedings{bromley1994signature,
  title={Signature verification using a" siamese" time delay neural network},
  author={Bromley, Jane and Guyon, Isabelle and LeCun, Yann and S{\"a}ckinger, Eduard and Shah, Roopak},
  booktitle={Advances in neural information processing systems},
  pages={737--744},
  year={1994}
};
% Lecun's convnet
@article{lecun1998gradient,
  title={Gradient-based learning applied to document recognition},
  author={LeCun, Yann and Bottou, L{\'e}on and Bengio, Yoshua and Haffner, Patrick and others},
  journal={Proceedings of the IEEE},
  volume={86},
  number={11},
  pages={2278--2324},
  year={1998},
  publisher={Taipei, Taiwan}
};
% about bug in the phase
@inproceedings{wang2015understanding,
  title={Understanding and modeling of wifi signal based human activity recognition},
  author={Wang, Wei and Liu, Alex X and Shahzad, Muhammad and Ling, Kang and Lu, Sanglu},
  booktitle={Proceedings of the 21st annual international conference on mobile computing and networking},
  pages={65--76},
  year={2015},
  organization={ACM}
};
% Time delay NN
@article{lang1990time,
  title={A time-delay neural network architecture for isolated word recognition},
  author={Lang, Kevin J and Waibel, Alex H and Hinton, Geoffrey E},
  journal={Neural networks},
  volume={3},
  number={1},
  pages={23--43},
  year={1990},
  publisher={Elsevier}
};
% JS's Conf Paper
